<?xml version="1.0" encoding="UTF-8"?><collection xmlns="http://www.loc.gov/MARC21/slim"><record><leader>00596nam--2200181-i-4500</leader><controlfield tag="001">000048073</controlfield><controlfield tag="002">20161230</controlfield><controlfield tag="005">20161230201046</controlfield><controlfield tag="008">060222s1000------------r-----000-0-fre-d</controlfield><datafield ind1=" " ind2=" " tag="040"><subfield code="a">IFIN-HH</subfield></datafield><datafield ind1=" " ind2=" " tag="041"><subfield code="a">fre</subfield></datafield><datafield ind1=" " ind2=" " tag="080"><subfield code="a">539.2:535.375.5</subfield></datafield><datafield ind1="1" ind2=" " tag="100"><subfield code="a">Khelladi, Fatma Zohra</subfield></datafield><datafield ind1="1" ind2="0" tag="245"><subfield code="a">Les vibrations moleculaires des monocristaux d`enthracene pur et dope au tetracene-etude spectroscopique par diffusion raman</subfield><subfield code="b">These</subfield><subfield code="c">Fatma zohra khelladi</subfield></datafield><datafield ind1=" " ind2=" " tag="260"><subfield code="a">Alger</subfield><subfield code="b">Universite Des Sciences Et Techniques D`Alger</subfield><subfield code="c">1975</subfield></datafield><datafield ind1=" " ind2=" " tag="300"><subfield code="a">116P</subfield></datafield><datafield ind1=" " ind2=" " tag="852"><subfield code="a">44170</subfield><subfield code="c">539.2</subfield></datafield><datafield ind1=" " ind2=" " tag="CAT"><subfield code="a">Sys</subfield><subfield code="c">20121025</subfield><subfield code="h">144346</subfield></datafield></record></collection>